<record><leader>00000cas a2200000 a 4500</leader><controlfield tag="001">187304089</controlfield><controlfield tag="008">080104d18uu1897iluwr ne      0   a0eng c</controlfield><datafield ind1=" " ind2=" " tag="010"><subfield code="a">sn2008060401</subfield></datafield><datafield ind1=" " ind2=" " tag="040"><subfield code="a">NVF</subfield><subfield code="b">eng</subfield><subfield code="c">NVF</subfield><subfield code="d">NVF</subfield><subfield code="d">OCLCF</subfield><subfield code="d">NVF</subfield><subfield code="d">OCLCO</subfield></datafield><datafield ind1=" " ind2=" " tag="042"><subfield code="a">pcc</subfield></datafield><datafield ind1=" " ind2=" " tag="043"><subfield code="a">n-us-il</subfield></datafield><datafield ind1="0" ind2=" " tag="130"><subfield code="a">Express (Tallula, Ill.)</subfield></datafield><datafield ind1="1" ind2="4" tag="245"><subfield code="a">The express.</subfield></datafield><datafield ind1="1" ind2="3" tag="246"><subfield code="a">Tallula express</subfield></datafield><datafield ind1=" " ind2=" " tag="260"><subfield code="a">Tallula, Ill. :</subfield><subfield code="b">W.H. Keller</subfield></datafield><datafield ind1=" " ind2=" " tag="300"><subfield code="a">v.</subfield></datafield><datafield ind1=" " ind2=" " tag="310"><subfield code="a">Weekly</subfield></datafield><datafield ind1="1" ind2=" " tag="362"><subfield code="a">Ceased Feb. 1897?</subfield></datafield><datafield ind1=" " ind2=" " tag="588"><subfield code="a">Description based on: Volume 5, number 43 (Nov. 23, 1895).</subfield></datafield><datafield ind1=" " ind2=" " tag="588"><subfield code="a">Latest issue consulted: Volume 6, number 1 (Feb. 1, 1896).</subfield></datafield><datafield ind1=" " ind2=" " tag="530"><subfield code="a">Preservation microfilmed by the University of Illinois at Urbana-Champaign Library as part of the United States Newspaper Program; the years 1895-1896 (on 1 microfilm reel) are available for purchase from OCLC Preservation Service Centers.</subfield></datafield><datafield ind1=" " ind2="0" tag="651"><subfield code="a">Tallula (Ill.)</subfield><subfield code="v">Newspapers.</subfield></datafield><datafield ind1=" " ind2="7" tag="651"><subfield code="a">Illinois</subfield><subfield code="z">Tallula.</subfield><subfield code="2">fast</subfield><subfield code="0">(OCoLC)fst01886452</subfield></datafield><datafield ind1=" " ind2="7" tag="655"><subfield code="a">Newspapers.</subfield><subfield code="2">fast</subfield><subfield code="0">(OCoLC)fst01423814</subfield></datafield><datafield ind1=" " ind2=" " tag="752"><subfield code="a">United States</subfield><subfield code="b">Illinois</subfield><subfield code="c">Menard</subfield><subfield code="d">Tallula.</subfield></datafield><datafield ind1="0" ind2="0" tag="785"><subfield code="t">Tallula journal</subfield><subfield code="w">(DLC)sn 92054437</subfield><subfield code="w">(OCoLC)25113752</subfield></datafield><datafield ind1="4" ind2="1" tag="856"><subfield code="a">(Nov. 23, 1895-Feb. 1, 1896) availalbe online:</subfield><subfield code="u">www.library.illinois.edu/dnc/idnc</subfield></datafield></record>